@misc{Gambits,
   title = "{Gambit System}",
   howpublished = "\url{http://www.finalfantasyxii.com/}",
   note = {Flash Website.  Select ``How to fight back,'' then ``gambit system''}
}

@misc{RoboCode,
   title = "{RoboCode Home}",
   howpublished = "\url{http://robocode.sourceforge.net/}",
}

@misc{PythonCycle,
   title = "{Python Itertools Module: Cycle}",
   howpublished = "\url{http://docs.python.org/library/itertools.html#itertools.cycle}",
}

@misc{JSON,
   title = "{JSON}",
   howpublished = "\url{http://json.org/}",
}

@misc{PyDocs,
   title = "{Python Documentation}",
   howpublished = "\url{http://docs.python.org/}",
}
